{1:F01INGBNL2ABXXX0000000000}
{2:I940INGBNL2AXXXN}
{4:
:20:P160425000000001
:25:NL10INGB0006265846EUR
:28C:00000
:60F:C141031EUR8963,92
:61:1412311231D50,00NDDTEREF//14365462006308
/TRCD/01018/
:86:/EREF/378895156800187//MARF/NL03ZZZ30177126000002400010063702
32//CSID/NL03ZZZ301771260000//CNTP/NL12INGB0677515995/INGBNL2A/TL
S BV inzake OV-Chipkaart///REMI/USTD//Automatisch opladen OV-chip
kaart Kaartnummer:3528020024626470 Oplaaddatum/tijd:23-12-14 15:5
7/
:61:1412291229D50,00NDDTEREF//14363432909283
/TRCD/01018/
:86:/EREF/378895156800186//MARF/NL03ZZZ30177126000002400010063702
32//CSID/NL03ZZZ301771260000//CNTP/NL12INGB0677515995/INGBNL2A/TL
S BV inzake OV-Chipkaart///REMI/USTD//Automatisch opladen OV-chip
kaart Kaartnummer:3528020024626470 Oplaaddatum/tijd:19-12-14 18:2
7/
:61:1412231223D50,00NDDTEREF//14357389812723
/TRCD/01018/
:86:/EREF/378895156800185//MARF/NL03ZZZ30177126000002400010063702
32//CSID/NL03ZZZ301771260000//CNTP/NL12INGB0677515995/INGBNL2A/TL
S BV inzake OV-Chipkaart///REMI/USTD//Automatisch opladen OV-chip
kaart Kaartnummer:3528020024626470 Oplaaddatum/tijd:17-12-14 08:2
4/
:61:1412231223D18,91NDDTEREF//14357389979726
/TRCD/01018/
:86:/EREF/86DF54603BFE4A7EA3C1285D3D6816FE//MARF/007-M111186602//
CSID/NL39ZZZ302317620000//CNTP/NL28DEUT0265186439/DEUTNL2AXXX/Buc
karoo Stichting Derdengelden///REMI/USTD//Simyo (incasso): Simyo:
0628419140, FACTUURNUMMER:29306496/
:61:1412221222D12260,00NTRFNONREF//14356389007278
/TRCD/00100/
:86:/CNTP/NL40RABO0105199133/RABONL2U/j.wijlens///REMI/USTD//omze
t oktober -1000 voorschot/
:61:1412221222D100,30NTRFNONREF//14356368595853
/TRCD/02000/
:86:/REMI/USTD//Toon Nijmegen NIJMEGEN NLD 19-12-2014 22:11 TERMI
NALID: 7R8ZBR PASVOLGNR: 010 TRANSACTIENR: 82F3J6/
:61:1412191219C16250,30NTRFEREF//14353354158320
/TRCD/00100/
:86:/EREF/443957590//CNTP/NL53RABO0128184310/RABONL2U/FIXEDTODAY 
B.V.///REMI/USTD//2014-15/
:61:1412191219D180,39NDDTEREF//14353349511423
/TRCD/01018/
:86:/EREF/7068800000922212014-12-19//MARF/80000009222100//CSID/NL
92ZZZ330314310200//CNTP/NL47INGB0667841555/INGBNL2A/ING Commercia
l Cards///REMI/USTD//7068 80000092221 2014-12-19 ING BUSINESSCARD
/
:61:1412191219D50,00NDDTEREF//14353349517698
/TRCD/01018/
:86:/EREF/378895156800184//MARF/NL03ZZZ30177126000002400010063702
32//CSID/NL03ZZZ301771260000//CNTP/NL12INGB0677515995/INGBNL2A/TL
S BV inzake OV-Chipkaart///REMI/USTD//Automatisch opladen OV-chip
kaart Kaartnummer:3528020024626470 Oplaaddatum/tijd:15-12-14 09:4
5/
:61:1412161216D1000,00NTRFNONREF//14350331658799
/TRCD/00100/
:86:/CNTP/NL40RABO0105199133/RABONL2U/j.wijlens///REMI/USTD//voor
schot omzet oktober/
:61:1412161216D50,00NDDTEREF//14350325207174
/TRCD/01018/
:86:/EREF/378895156800183//MARF/NL03ZZZ30177126000002400010063702
32//CSID/NL03ZZZ301771260000//CNTP/NL12INGB0677515995/INGBNL2A/TL
S BV inzake OV-Chipkaart///REMI/USTD//Automatisch opladen OV-chip
kaart Kaartnummer:3528020024626470 Oplaaddatum/tijd:10-12-14 15:5
0/
:61:1412111211D20,00NDDTEREF//14345290128858
/TRCD/01018/
:86:/EREF/2017379509//MARF/100000081415//CSID/NL03ZZZ301243580000
//CNTP/NL40ABNA0537879099/ABNANL2A/NS GROEP IZ NS REIZIGERS///REM
I/USTD//Bestelling  2101667//PURP/OTHR/
:61:1412101210D50,00NDDTEREF//14344283022143
/TRCD/01018/
:86:/EREF/378895156800182//MARF/NL03ZZZ30177126000002400010063702
32//CSID/NL03ZZZ301771260000//CNTP/NL12INGB0677515995/INGBNL2A/TL
S BV inzake OV-Chipkaart///REMI/USTD//Automatisch opladen OV-chip
kaart Kaartnummer:3528020024626470 Oplaaddatum/tijd:04-12-14 15:5
6/
:61:1412091209C5582,94NTRFEREF//14343280921648
/TRCD/00100/
:86:/EREF/437166516//CNTP/NL63RABO0378388355/RABONL2U/DELTA R///R
EMI/USTD//2014-14/
:61:1412051205D50,00NDDTEREF//14339250111036
/TRCD/01018/
:86:/EREF/378895156800181//MARF/NL03ZZZ30177126000002400010063702
32//CSID/NL03ZZZ301771260000//CNTP/NL12INGB0677515995/INGBNL2A/TL
S BV inzake OV-Chipkaart///REMI/USTD//Automatisch opladen OV-chip
kaart Kaartnummer:3528020024626470 Oplaaddatum/tijd:01-12-14 17:1
7/
:61:1412031203D50,00NDDTEREF//14337232630213
/TRCD/01018/
:86:/EREF/378895156800180//MARF/NL03ZZZ30177126000002400010063702
32//CSID/NL03ZZZ301771260000//CNTP/NL12INGB0677515995/INGBNL2A/TL
S BV inzake OV-Chipkaart///REMI/USTD//Automatisch opladen OV-chip
kaart Kaartnummer:3528020024626470 Oplaaddatum/tijd:27-11-14 08:1
0/
:61:1412011201D13,50NTRFNONREF//14335219296845
/TRCD/02000/
:86:/REMI/USTD//Ryw Shop Stat Nym. NIJMEGEN NLD 01-12-2014 08:21 
TERMINALID: 99AD01 PASVOLGNR: 010 TRANSACTIENR: 1149I8/
:61:1411271127D17,00NDDTEREF//14331171021259
/TRCD/01018/
:86:/EREF/8220B69FA1744099B143BC5C00A54ED7//MARF/007-M111186602//
CSID/NL39ZZZ302317620000//CNTP/NL28DEUT0265186439/DEUTNL2AXXX/Buc
karoo Stichting Derdengelden///REMI/USTD//Simyo (incasso): Simyo:
0628419140, FACTUURNUMMER:29011121/
:61:1411261126D50,00NDDTEREF//14330156896112
/TRCD/01018/
:86:/EREF/378895156800179//MARF/NL03ZZZ30177126000002400010063702
32//CSID/NL03ZZZ301771260000//CNTP/NL12INGB0677515995/INGBNL2A/TL
S BV inzake OV-Chipkaart///REMI/USTD//Automatisch opladen OV-chip
kaart Kaartnummer:3528020024626470 Oplaaddatum/tijd:20-11-14 08:0
9/
:61:1411251125D9,06NMSCEREF//14329145607579
/TRCD/00000/
:86:/EREF/E2E-ID-NL-1870008//MARF/MANDATE-NL-89467-1//CSID/NL39ZZ
Z243458990000//CNTP/NL85INGB0654416265/INGBNL2A/Transip B.V.///RE
MI/USTD//FACTUUR F0000.2014.0038.2806/
:61:1411241124D50,00NDDTEREF//14328129835879
/TRCD/01018/
:86:/EREF/378895156800178//MARF/NL03ZZZ30177126000002400010063702
32//CSID/NL03ZZZ301771260000//CNTP/NL12INGB0677515995/INGBNL2A/TL
S BV inzake OV-Chipkaart///REMI/USTD//Automatisch opladen OV-chip
kaart Kaartnummer:3528020024626470 Oplaaddatum/tijd:18-11-14 09:3
0/
:61:1411191119D50,00NDDTEREF//14323094739410
/TRCD/01018/
:86:/EREF/378895156800177//MARF/NL03ZZZ30177126000002400010063702
32//CSID/NL03ZZZ301771260000//CNTP/NL12INGB0677515995/INGBNL2A/TL
S BV inzake OV-Chipkaart///REMI/USTD//Automatisch opladen OV-chip
kaart Kaartnummer:3528020024626470 Oplaaddatum/tijd:13-11-14 15:5
8/
:61:1411171117D9934,00NTRFNONREF//14321085993890
/TRCD/00100/
:86:/CNTP/NL40RABO0105199133/RABONL2U/j.wijlens///REMI/USTD//Omze
t september min voorschot 2000/
:61:1411171117C14625,27NTRFEREF//14321084517027
/TRCD/00100/
:86:/EREF/413735775//CNTP/NL53RABO0128184310/RABONL2U/FIXEDTODAY 
B.V.///REMI/USTD//2014-12/
:61:1411171117D50,00NDDTEREF//14321078559796
/TRCD/01018/
:86:/EREF/378895156800176//MARF/NL03ZZZ30177126000002400010063702
32//CSID/NL03ZZZ301771260000//CNTP/NL12INGB0677515995/INGBNL2A/TL
S BV inzake OV-Chipkaart///REMI/USTD//Automatisch opladen OV-chip
kaart Kaartnummer:3528020024626470 Oplaaddatum/tijd:11-11-14 15:5
6/
:61:1411171117D73,17NDDTEREF//14321078554802
/TRCD/01018/
:86:/EREF/7068800000922212014-11-17//MARF/80000009222100//CSID/NL
92ZZZ330314310200//CNTP/NL47INGB0667841555/INGBNL2A/ING Commercia
l Cards///REMI/USTD//7068 80000092221 2014-11-17 ING BUSINESSCARD
/
:61:1411121112D50,00NDDTEREF//14316053195359
/TRCD/01018/
:86:/EREF/378895156800175//MARF/NL03ZZZ30177126000002400010063702
32//CSID/NL03ZZZ301771260000//CNTP/NL12INGB0677515995/INGBNL2A/TL
S BV inzake OV-Chipkaart///REMI/USTD//Automatisch opladen OV-chip
kaart Kaartnummer:3528020024626470 Oplaaddatum/tijd:06-11-14 08:0
8/
:61:1411121112D20,00NDDTEREF//14316053215622
/TRCD/01018/
:86:/EREF/2017021752//MARF/100000081415//CSID/NL03ZZZ301243580000
//CNTP/NL40ABNA0537879099/ABNANL2A/NS GROEP IZ NS REIZIGERS///REM
I/USTD//Bestelling  2101667//PURP/OTHR/
:61:1411121112D73,78NTRFEREF//14316049693446
/TRCD/00106/
:86:/EREF/11-11-2014 21:41 0050001715749655//CNTP/NL40INGB0654880
735/INGBNL2A/Stichting Sisow///REMI/USTD//70381 0050001715749655 
MacBook-Accu.nl order 70381 MacBook-Adapter.nl/
:61:1411111111D2000,00NTRFNONREF//14315048883851
/TRCD/00100/
:86:/CNTP/NL40RABO0105199133/RABONL2U/j.wijlens///REMI/USTD//voor
schot/
:61:1411071107D50,00NDDTEREF//14311019375256
/TRCD/01018/
:86:/EREF/378895156800174//MARF/NL03ZZZ30177126000002400010063702
32//CSID/NL03ZZZ301771260000//CNTP/NL12INGB0677515995/INGBNL2A/TL
S BV inzake OV-Chipkaart///REMI/USTD//Automatisch opladen OV-chip
kaart Kaartnummer:3528020024626470 Oplaaddatum/tijd:03-11-14 08:1
3/
:61:1411041104D50,00NDDTEREF//14308997480359
/TRCD/01018/
:86:/EREF/378895156800173//MARF/NL03ZZZ30177126000002400010063702
32//CSID/NL03ZZZ301771260000//CNTP/NL12INGB0677515995/INGBNL2A/TL
S BV inzake OV-Chipkaart///REMI/USTD//Automatisch opladen OV-chip
kaart Kaartnummer:3528020024626470 Oplaaddatum/tijd:29-10-14 09:3
0/
:61:1411031103D13,50NTRFNONREF//14307994849936
/TRCD/02000/
:86:/REMI/USTD//Ryw Shop Stat Nym. NIJMEGEN NLD 03-11-2014 08:11 
TERMINALID: 99AD01 PASVOLGNR: 010 TRANSACTIENR: 61Z6C5/
:61:1411031103D175,00NTRFNONREF//14307980920246
/TRCD/02000/
:86:/REMI/USTD//Restaurant Ivory NIJMEGEN NLD 31-10-2014 23:16 TE
RMINALID: 3Y777K PASVOLGNR: 010 TRANSACTIENR: 14Y1A3/
:62F:C141231EUR18763,82
:64:C141231EUR18763,82
:65:C150101EUR18763,82
:65:C150102EUR18763,82
:86:/SUM/31/3/26658,61/36458,51/
-}