{1:F01INGBNL2ABXXX0000000000}
{2:I940INGBNL2AXXXN}
{4:
:20:P170129000000001
:25:NL10INGB0006265846EUR
:28C:00000
:60F:C160930EUR13576,04
:61:1612301230D17,85NTRFNONREF//16365055239798
/TRCD/02000/
:86:/REMI/USTD//De Postkoets BEEK UBBERGEN NLD 29-12-2016 13:12 T
ERMINALID: 26S201 PASVOLGNR: 012 TRANSACTIENR: 71J8Z7/
:61:1612231223D23,41NTRFNONREF//16358978668337
/TRCD/02000/
:86:/REMI/USTD//Jumbo Nijmegen Leuv Nijmegen NLD 22-12-2016 14:36
 TERMINALID: TF3904 PASVOLGNR: 012 TRANSACTIENR: 758628/
:61:1612211221D21,00NDDTEREF//16356945140739
/TRCD/01018/
:86:/EREF/4FFFB6EEF8E143428E9749D015300773//MARF/007-M111186602//
CSID/NL12ZZZ271247010002//CNTP/NL52BNPA0227685180/BNPANL2A/Simyo/
//REMI/USTD//Simyo:0628419140, FACTUURNUMMER:37724354/
:61:1612191219D88,91NDDTEREF//16354916889309
/TRCD/01018/
:86:/EREF/7068800000922212016-12-19//MARF/80000009222100//CSID/NL
92ZZZ330314310200//CNTP/NL47INGB0667841555/INGBNL2A/ING Commercia
l Cards///REMI/USTD//7068 80000092221 2016-12-19 ING BUSINESSCARD
/
:61:1612191219D34,95NTRFEREF//16354914878471
/TRCD/00106/
:86:/EREF/17-12-2016 20:19 1150000605823985//CNTP/NL19DEUT0319821
366/DEUTNL2N/Stichting Derdengelden Buckaroo///REMI/USTD//ORD2598
218 1150000605823985 Order ORD2598218 Smartphonehoesjes.nl/
:61:1612161216D11734,50NTRFNONREF//16351907607939
/TRCD/00100/
:86:/CNTP/NL40RABO0105199133/RABONL2U/j.wijlens///REMI/USTD//omze
t oktober/
:61:1612151215C16198,88NTRFEREF//16350895801215
/TRCD/00100/
:86:/EREF/0008800010650003112000056943//CNTP/NL32RABO0157958450/R
ABONL2U/FIRST EIGHT B.V.///REMI/USTD//Factuur:2016-15/
:61:1612121212D78,59NDDTEREF//16347857991694
/TRCD/01018/
:86:/EREF/030205254294000//MARF/000628479200108012016000000984//C
SID/NL30ZZZ333034790000//CNTP/NL98INGB0000845745/INGBNL2A/ZIGGO S
ERVICES BV///REMI/USTD//300966695/
:61:1612121212D599,00NTRFEREF//16347855679724
/TRCD/00106/
:86:/EREF/10-12-2016 23:20 0050002531010490//CNTP/NL90INGB0006080
785/INGBNL2A/MultiSafepay///REMI/USTD//117662417 0050002531010490
 Order ?28937 F-mobile/
:61:1612081208D6,05NDDTEREF//16343831561209
/TRCD/01018/
:86:/EREF/E2E-ID-NL-201075976//MARF/MANDATE-NL-89467-1//CSID/NL39
ZZZ243458990000//CNTP/NL85INGB0654416265/INGBNL2A/Transip B.V.///
REMI/USTD//FACTUUR F0000.2016.0081.3761/
:61:1611231123D21,00NDDTEREF//16328662330982
/TRCD/01018/
:86:/EREF/D2EFFCFE10F24BCB88A21EAAD01BADE5//MARF/007-M111186602//
CSID/NL12ZZZ271247010002//CNTP/NL52BNPA0227685180/BNPANL2A/Simyo/
//REMI/USTD//Simyo:0628419140, FACTUURNUMMER:37208848/
:61:1611221122D9,06NDDTEREF//16327651353775
/TRCD/01018/
:86:/EREF/E2E-ID-NL-201035946//MARF/MANDATE-NL-89467-1//CSID/NL39
ZZZ243458990000//CNTP/NL85INGB0654416265/INGBNL2A/Transip B.V.///
REMI/USTD//FACTUUR F0000.2016.0077.3731/
:61:1611211121D90,94NDDTEREF//16326637518848
/TRCD/01018/
:86:/EREF/7068800000922212016-11-21//MARF/80000009222100//CSID/NL
92ZZZ330314310200//CNTP/NL47INGB0667841555/INGBNL2A/ING Commercia
l Cards///REMI/USTD//7068 80000092221 2016-11-21 ING BUSINESSCARD
/
:61:1611181118D13724,00NTRFNONREF//16323624211461
/TRCD/00100/
:86:/CNTP/NL40RABO0105199133/RABONL2U/j.wijlens///REMI/USTD//omze
t september/
:61:1611141114D80,04NDDTEREF//16319580535199
/TRCD/01018/
:86:/EREF/030201137597000//MARF/000628479200108012016000000984//C
SID/NL30ZZZ333034790000//CNTP/NL98INGB0000845745/INGBNL2A/ZIGGO S
ERVICES BV///REMI/USTD//296851620/
:61:1611111111C18634,00NTRFEREF//16316568649812
/TRCD/00100/
:86:/EREF/0008800010120002978000053440//CNTP/NL32RABO0157958450/R
ABONL2U/FIRST EIGHT B.V.///REMI/USTD//Factuur:2016-14/
:61:1611081108D6,05NDDTEREF//16313540192070
/TRCD/01018/
:86:/EREF/E2E-ID-NL-200994737//MARF/MANDATE-NL-89467-1//CSID/NL39
ZZZ243458990000//CNTP/NL85INGB0654416265/INGBNL2A/Transip B.V.///
REMI/USTD//FACTUUR F0000.2016.0073.2522/
:61:1611071107D4224,00NTRF5851058265301501//16312525496522
/TRCD/00100/
:86:/CNTP/NL86INGB0002445588/INGBNL2A/BELASTINGDIENST//
:61:1610311031D6550,00NTRF4851058261601270//16305456457811
/TRCD/00100/
:86:/CNTP/NL86INGB0002445588/INGBNL2A/BELASTINGDIENST//
:61:1610311031D4000,00NTRFNONREF//16305456489811
/TRCD/00100/
:86:/CNTP/NL40RABO0105199133/RABONL2U/j.wijlens///REMI/USTD//omze
t dela resources deel 2/
:61:1610271027D4000,00NTRFPREF//16301431613437
/TRCD/00100/
:86:/PREF/NOTPROVIDED//CNTP/NL40RABO0105199133/RABONL2U/j.wijlens
///REMI/USTD//deel douane/
:61:1610261026D34,54NCHGNONREF//16300405003348
/TRCD/09001/
:86:/REMI/USTD//RC afrekening betalingsverkeer  Factuurnr. 119129
5381           Betreft rekening 62.65.846      Periode: 01-07-201
6 / 30-09-2016/
:61:1610261026D21,04NDDTEREF//16300405690114
/TRCD/01018/
:86:/EREF/24A5B2666510445EB657A7A922E76FB9//MARF/007-M111186602//
CSID/NL12ZZZ271247010002//CNTP/NL52BNPA0227685180/BNPANL2A/Simyo/
//REMI/USTD//Simyo:0628419140, FACTUURNUMMER:36830213/
:61:1610211021C11165,88NTRFNONREF//16295360527588
/TRCD/00100/
:86:/CNTP/NL63RABO0378388355/RABONL2U/DELTA R///REMI/USTD//factuu
r 2016-02 2016-06 2016-10 2016-13/
:61:1610171017D61,34NDDTEREF//16291313141285
/TRCD/01018/
:86:/EREF/7068800000922212016-10-17//MARF/80000009222100//CSID/NL
92ZZZ330314310200//CNTP/NL47INGB0667841555/INGBNL2A/ING Commercia
l Cards///REMI/USTD//7068 80000092221 2016-10-17 ING BUSINESSCARD
/
:61:1610131013D2075,15NTRFNONREF//16287283580501
/TRCD/00100/
:86:/CNTP/NL09ABNA0473668955/ABNANL2A/Dutchworkz BV///REMI/USTD//
Factuur 2015775/
:61:1610131013D364,35NTRFNONREF//16287283581253
/TRCD/00100/
:86:/CNTP/NL09ABNA0473668955/ABNANL2A/Dutchworkz BV///REMI/USTD//
Btw factuur 2015846/
:61:1610121012D398,82NTRFNONREF//16286278455736
/TRCD/02000/
:86:/REMI/USTD//Xando Nijmegen BV NIJMEGEN NLD 11-10-2016 17:59 T
ERMINALID: JF4DD4 PASVOLGNR: 010 TRANSACTIENR: A7S0B4/
:61:1610111011D5600,00NTRFNONREF//16285271975810
/TRCD/00100/
:86:/CNTP/NL40RABO0105199133/RABONL2U/j.wijlens///REMI/USTD//omze
t augustus/
:61:1610111011D65,94NDDTEREF//16285263582740
/TRCD/01018/
:86:/EREF/030197241062000//MARF/000628479200108012016000000984//C
SID/NL30ZZZ333034790000//CNTP/NL98INGB0000845745/INGBNL2A/ZIGGO S
ERVICES BV///REMI/USTD//293155604/
:61:1610101010D6,05NDDTEREF//16284250082132
/TRCD/01018/
:86:/EREF/E2E-ID-NL-200915938//MARF/MANDATE-NL-89467-1//CSID/NL39
ZZZ243458990000//CNTP/NL85INGB0654416265/INGBNL2A/Transip B.V.///
REMI/USTD//FACTUUR F0000.2016.0065.3723/
:61:1610061006C6776,00NTRFEREF//16280231649876
/TRCD/00100/
:86:/EREF/0008800009630002845000049998//CNTP/NL32RABO0157958450/R
ABONL2U/FIRST EIGHT B.V.///REMI/USTD//Factuur:2016-12/
:62F:C161231EUR12414,22
:64:C161231EUR12414,22
:65:C170101EUR12414,22
:65:C170102EUR12414,22
:86:/SUM/28/4/53936,58/52774,76/
-}