{1:F01INGBNL2ABXXX0000000000}
{2:I940INGBNL2AXXXN}
{4:
:20:P160424000000001
:25:NL10INGB0006265846EUR
:28C:00000
:60F:C151231EUR24406,16
:61:1603310331D1735,00NTRFNONREF//16091448945224
/TRCD/00100/
:86:/CNTP/NL09ABNA0473668955/ABNANL2A/Dutchworkz BV///REMI/USTD//
deb 20000438, factuur 2015846/
:61:1603310331D1300,00NTRFNONREF//16091448945383
/TRCD/00100/
:86:/CNTP/NL09ABNA0473668955/ABNANL2A/Dutchworkz BV///REMI/USTD//
deb 20000438 ,factuur 2016003/
:61:1603230323D29,19NDDTEREF//16083345343803
/TRCD/01018/
:86:/EREF/3D4DD4FC87094BB7A95C0EE689E427EA//MARF/007-M111186602//
CSID/NL12ZZZ271247010002//CNTP/NL52RBOS0760067716/RBOSNL2A/Simyo/
//REMI/USTD//Simyo:0628419140, FACTUURNUMMER:34398695/
:61:1603210321D40,02NDDTEREF//16081322207687
/TRCD/01018/
:86:/EREF/7068800000922212016-03-21//MARF/80000009222100//CSID/NL
92ZZZ330314310200//CNTP/NL47INGB0667841555/INGBNL2A/ING Commercia
l Cards///REMI/USTD//7068 80000092221 2016-03-21 ING BUSINESSCARD
/
:61:1603160316D290,40NTRFNONREF//16076295889987
/TRCD/00100/
:86:/CNTP/NL89INGB0002243192/INGBNL2A/IT in zicht Haarlem///REMI/
USTD//Factuurnummer : 2016-024 en excuses voor te laat overmaken/
:61:1603140314D36,92NDDTEREF//16074268570231
/TRCD/01018/
:86:/EREF/030183968904000//MARF/000628479200108012016000000984//C
SID/NL30ZZZ333034790000//CNTP/NL98INGB0000845745/INGBNL2A/ZIGGO S
ERVICES BV///REMI/USTD//278058781/
:61:1603140314D9420,00NTRFNONREF//16074267428514
/TRCD/00100/
:86:/CNTP/NL40RABO0105199133/RABONL2U/j.wijlens///REMI/USTD//omze
t januri 2016 min/
:61:1603080308D6,05NDDTEREF//16068230410049
/TRCD/01018/
:86:/EREF/E2E-ID-NL-200410054//MARF/MANDATE-NL-89467-1//CSID/NL39
ZZZ243458990000//CNTP/NL85INGB0654416265/INGBNL2A/Transip B.V.///
REMI/USTD//FACTUUR F0000.2016.0014.7839/
:61:1603020302C14943,50NTRFEREF//16062187425489
/TRCD/00100/
:86:/EREF/014044P15137659.6128.1561887//CNTP/NL17INGB0676351808/I
NGBNL2A/BRAINNET BV///REMI/USTD//014044/15137659  2016-03 2016-03
 Wijlens, J. januari 2016 6576 DV Ooij/
:61:1602230223D39,97NDDTEREF//16054082875854
/TRCD/01018/
:86:/EREF/6DDA3B39D6D441A2873C3E97319066D7//MARF/007-M111186602//
CSID/NL12ZZZ271247010002//CNTP/NL52RBOS0760067716/RBOSNL2A/Simyo/
//REMI/USTD//Simyo:0628419140, FACTUURNUMMER:34086739/
:61:1602220222D16,93NDDTEREF//16053067357798
/TRCD/01018/
:86:/EREF/E2E-ID-NL-200375411//MARF/MANDATE-NL-89467-1//CSID/NL39
ZZZ243458990000//CNTP/NL85INGB0654416265/INGBNL2A/Transip B.V.///
REMI/USTD//FACTUUR F0000.2016.0011.3196/
:61:1602190219D185,72NDDTEREF//16050049666410
/TRCD/01018/
:86:/EREF/7068800000922212016-02-19//MARF/80000009222100//CSID/NL
92ZZZ330314310200//CNTP/NL47INGB0667841555/INGBNL2A/ING Commercia
l Cards///REMI/USTD//7068 80000092221 2016-02-19 ING BUSINESSCARD
/
:61:1602190219D532,82NTRFNONREF//16050050601380
/TRCD/02010/
:86:/REMI/USTD//0012655304 1100100 BOGO COL 18-02-2016 08:42 TERM
INALID: 008Q5003 PASVOLGNR: 010 TRANSACTIENR: 02N653 VALUTA: COP 
1995300,00 KOERS: 3744,7690689/
:61:1602150215D15,93NMSCEREF//16046023157059
/TRCD/00000/
:86:/EREF/030181932493000//MARF/000628479200108012016000000984//C
SID/NL30ZZZ333034790000//CNTP/NL98INGB0000845745/INGBNL2A/ZIGGO S
ERVICES BV///REMI/USTD//276575250/
:61:1602120212D81,77NTRFNONREF//16043001224642
/TRCD/03010/
:86:/REMI/USTD//GAN1 0094AEROPU BOGOTA COL 10-02-2016 20:02 TERMI
NALID: 00131215 PASVOLGNR: 010 TRANSACTIENR: 1712N5 VALUTA: COP 3
00000,00 KOERS: 3772,7408956 KOSTEN: 2,25/
:61:1602110211D20,00NDDTEREF//16042991213690
/TRCD/01018/
:86:/EREF/2023106969//MARF/100000081415//CSID/NL03ZZZ301243580000
//CNTP/NL40ABNA0537879099/ABNANL2A/NS GROEP IZ NS REIZIGERS///REM
I/USTD//Bestelling  2101667//PURP/OTHR/
:61:1602100210D13074,00NTRFNONREF//16041982894297
/TRCD/00100/
:86:/CNTP/NL40RABO0105199133/RABONL2U/j.wijlens///REMI/USTD//omze
t bmg december/
:61:1602080208C19943,83NTRFEREF//16039972645344
/TRCD/00100/
:86:/EREF/014044P15134294.6051.1530141//CNTP/NL17INGB0676351808/I
NGBNL2A/BRAINNET BV///REMI/USTD//014044/15134294  2016-01 2016-01
 Wijlens, J. december 2015 6576 DV Ooij/
:61:1602030203D50,00NDDTEREF//16034931466365
/TRCD/01018/
:86:/EREF/378895156800283//MARF/NL03ZZZ30177126000002400010063702
32//CSID/NL03ZZZ301771260000//CNTP/NL12INGB0677515995/INGBNL2A/TL
S BV inzake OV-Chipkaart///REMI/USTD//Automatisch opladen OV-chip
kaart Kaartnummer:3528020024626470 Oplaaddatum/tijd:28-01-16 08:0
8/
:61:1602030203D962,85NTRFEREF//16034930947997
/TRCD/00106/
:86:/EREF/02-02-2016 22:15 0050002168643458//CNTP/NL21INGB0674773
837/INGBNL2A/ING Bank///REMI/USTD//AAMKMPSEAX 0050002168643458 Be
stelling bij ALTERNATE online aankoop/
:61:1602020202D133,75NTRFNONREF//16033924950957
/TRCD/02000/
:86:/REMI/USTD//Vaccinatiecentr. Wag WAGENINGEN 01-02-2016 17:42 
TERMINALID: 4NL502 PASVOLGNR: 010 TRANSACTIENR: 97Z641/
:61:1602010201D50,00NDDTEREF//16032906514940
/TRCD/01018/
:86:/EREF/378895156800282//MARF/NL03ZZZ30177126000002400010063702
32//CSID/NL03ZZZ301771260000//CNTP/NL12INGB0677515995/INGBNL2A/TL
S BV inzake OV-Chipkaart///REMI/USTD//Automatisch opladen OV-chip
kaart Kaartnummer:3528020024626470 Oplaaddatum/tijd:26-01-16 09:2
9/
:61:1602010201D6224,00NTRF0851058261501300//16032904375597
/TRCD/00100/
:86:/EREF/BTW 2015-Q4//CNTP/NL86INGB0002445588/INGBNL2A/BELASTING
DIENST//
:61:1601290129D79,99NTRFEREF//16029889387643
/TRCD/00106/
:86:/EREF/29-01-2016 14:11 0050002163831823//CNTP/NL21INGB0674773
837/INGBNL2A/ING Bank///REMI/USTD//TRNSNR75047283 005000216383182
3 Hartelijk dank voor uw betaling Coolblue B.V./
:61:1601290129D270,90NTRFNONREF//16029885617625
/TRCD/02000/
:86:/REMI/USTD//Gollem Proeflokaal AMSTERDAM NLD 28-01-2016 20:08
 TERMINALID: 5V63H0 PASVOLGNR: 010 TRANSACTIENR: A0O1X6/
:61:1601260126D36,60NCHGNONREF//16026841545037
/TRCD/09001/
:86:/REMI/USTD//RC afrekening betalingsverkeer  Factuurnr. 114364
3483           Betreft rekening 62.65.846      Periode: 01-10-201
5 / 31-12-2015/
:61:1601260126D27,12NDDTEREF//16026842410970
/TRCD/01018/
:86:/EREF/B3E63ED527F8422CADC1A721F4A1BD92//MARF/007-M111186602//
CSID/NL12ZZZ271247010002//CNTP/NL52RBOS0760067716/RBOSNL2A/Simyo/
//REMI/USTD//Simyo:0628419140, FACTUURNUMMER:33737596/
:61:1601220122D9,06NDDTEREF//16022801375741
/TRCD/01018/
:86:/EREF/E2E-ID-NL-200305001//MARF/MANDATE-NL-89467-1//CSID/NL39
ZZZ243458990000//CNTP/NL85INGB0654416265/INGBNL2A/Transip B.V.///
REMI/USTD//FACTUUR F0000.2016.0004.2786/
:61:1601220122D50,00NDDTEREF//16022801381492
/TRCD/01018/
:86:/EREF/378895156800281//MARF/NL03ZZZ30177126000002400010063702
32//CSID/NL03ZZZ301771260000//CNTP/NL12INGB0677515995/INGBNL2A/TL
S BV inzake OV-Chipkaart///REMI/USTD//Automatisch opladen OV-chip
kaart Kaartnummer:3528020024626470 Oplaaddatum/tijd:18-01-16 15:2
8/
:61:1601210121D3108,77NTRFEREF//16021797925179
/TRCD/00106/
:86:/EREF/21-01-2016 12:53 1150000485768179//CNTP/NL44DEUT0496286
323/DEUTNL2N/Netgiro Payments Ab///REMI/USTD//DRWP2362869124 1150
000485768179 DRI?Lenovo DIGITAL RIVER GMBH/
:61:1601200120D50,00NDDTEREF//16020781880398
/TRCD/01018/
:86:/EREF/378895156800280//MARF/NL03ZZZ30177126000002400010063702
32//CSID/NL03ZZZ301771260000//CNTP/NL12INGB0677515995/INGBNL2A/TL
S BV inzake OV-Chipkaart///REMI/USTD//Automatisch opladen OV-chip
kaart Kaartnummer:3528020024626470 Oplaaddatum/tijd:14-01-16 08:1
1/
:61:1601180118D69,06NDDTEREF//16018761243927
/TRCD/01018/
:86:/EREF/7068800000922212016-01-18//MARF/80000009222100//CSID/NL
92ZZZ330314310200//CNTP/NL47INGB0667841555/INGBNL2A/ING Commercia
l Cards///REMI/USTD//7068 80000092221 2016-01-18 ING BUSINESSCARD
/
:61:1601150115D50,00NDDTEREF//16015745049732
/TRCD/01018/
:86:/EREF/378895156800279//MARF/NL03ZZZ30177126000002400010063702
32//CSID/NL03ZZZ301771260000//CNTP/NL12INGB0677515995/INGBNL2A/TL
S BV inzake OV-Chipkaart///REMI/USTD//Automatisch opladen OV-chip
kaart Kaartnummer:3528020024626470 Oplaaddatum/tijd:11-01-16 10:0
0/
:61:1601130113D12906,00NTRFNONREF//16013724463867
/TRCD/00100/
:86:/CNTP/NL40RABO0105199133/RABONL2U/j.wijlens///REMI/USTD//omze
t november/
:61:1601120112D171,95NTRFEREF//16012723338437
/TRCD/00106/
:86:/EREF/12-01-2016 15:31 0050002145128370//CNTP/NL21INGB0674773
837/INGBNL2A/ING Bank///REMI/USTD//AXTRKSWPHD 0050002145128370 Be
stelling bij ALTERNATE online aankoop/
:61:1601120112C19713,93NTRFEREF//16012721658498
/TRCD/00100/
:86:/EREF/014044P15131811.5993.1508111//CNTP/NL17INGB0676351808/I
NGBNL2A/BRAINNET BV///REMI/USTD//014044/15131811  2015-19 2015-19
 Wijlens, J. november 2015 6576 DV Ooij/
:61:1601120112D50,00NDDTEREF//16012714848240
/TRCD/01018/
:86:/EREF/378895156800278//MARF/NL03ZZZ30177126000002400010063702
32//CSID/NL03ZZZ301771260000//CNTP/NL12INGB0677515995/INGBNL2A/TL
S BV inzake OV-Chipkaart///REMI/USTD//Automatisch opladen OV-chip
kaart Kaartnummer:3528020024626470 Oplaaddatum/tijd:06-01-16 16:1
7/
:61:1601110111D20,00NDDTEREF//16011701739192
/TRCD/01018/
:86:/EREF/2022659525//MARF/100000081415//CSID/NL03ZZZ301243580000
//CNTP/NL40ABNA0537879099/ABNANL2A/NS GROEP IZ NS REIZIGERS///REM
I/USTD//Bestelling  2101667//PURP/OTHR/
:61:1601080108D50,00NDDTEREF//16008686500644
/TRCD/01018/
:86:/EREF/378895156800277//MARF/NL03ZZZ30177126000002400010063702
32//CSID/NL03ZZZ301771260000//CNTP/NL12INGB0677515995/INGBNL2A/TL
S BV inzake OV-Chipkaart///REMI/USTD//Automatisch opladen OV-chip
kaart Kaartnummer:3528020024626470 Oplaaddatum/tijd:04-01-16 17:2
0/
:61:1601080108D24,19NDDTEREF//16008686151789
/TRCD/01018/
:86:/EREF/E2E-ID-NL-200272670//MARF/MANDATE-NL-89467-1//CSID/NL39
ZZZ243458990000//CNTP/NL85INGB0654416265/INGBNL2A/Transip B.V.///
REMI/USTD//FACTUUR F0000.2016.0001.0455/
:61:1601050105D50,00NDDTEREF//16005660372000
/TRCD/01018/
:86:/EREF/378895156800276//MARF/NL03ZZZ30177126000002400010063702
32//CSID/NL03ZZZ301771260000//CNTP/NL12INGB0677515995/INGBNL2A/TL
S BV inzake OV-Chipkaart///REMI/USTD//Automatisch opladen OV-chip
kaart Kaartnummer:3528020024626470 Oplaaddatum/tijd:29-12-15 08:4
0/
:61:1601040104D14,00NTRFNONREF//16004656322957
/TRCD/02000/
:86:/REMI/USTD//Ryw Shop Stat Nym. NIJMEGEN NLD 04-01-2016 08:04 
TERMINALID: 99AD01 PASVOLGNR: 010 TRANSACTIENR: 84Z8I3/
:62F:C160331EUR27724,46
:64:C160331EUR27724,46
:65:C160401EUR27724,46
:65:C160402EUR27724,46
:86:/SUM/39/3/51282,96/54601,26/
-}